@Book{rmarkdown_refbook2018,
    title = {R Markdown: The Definitive Guide},
    author = {Yihui Xie and J.J. Allaire and Garrett Grolemund},
    publisher = {Chapman and Hall/CRC},
    address = {Boca Raton, Florida},
    year = {2018},
    note = {ISBN 9781138359338},
    url = {https://bookdown.org/yihui/rmarkdown},
  }

@Manual{pkgbookdown,
    title = {bookdown: Authoring Books and Technical Documents with R Markdown},
    author = {Yihui Xie},
    year = {2021},
    note = {R package version 0.24},
    url = {https://github.com/rstudio/bookdown},
  }
  
@Manual{pkgkableExtra,
    title = {kableExtra: Construct Complex Table with 'kable' and Pipe Syntax},
    author = {Hao Zhu},
    year = {2020},
    note = {R package version 1.2.1},
    url = {https://CRAN.R-project.org/package=kableExtra},
  }